@misc{homepage:sass,
  title = {{Sass homepage}},
  howpublished = "{\url{http://sass-lang.com}}",
  note = "[Online; accessed 26-May-2013]"
}
@misc{homepage:compass,
  title = {{Compass homepage}},
  howpublished = "{\url{http://compass-style.org/}}",
  note = "[Online; accessed 26-May-2013]"
}
@misc{blog:sass,
  title = {{Blog about Sass}},
  howpublished = "{\url{http://thesassway.com/}}",
  note = "[Online; accessed 26-May-2013]"
}
